

% zdroj na webe
@misc{1,
	author = "Fred Steinmetz, Ingo Fiedler, Marc von Meduna",
	title = "Pay-to-Win Gaming and its Interrelation with Gambling: Findings from a Representative Population Sample",
	howpublished = "\url{https://link.springer.com/article/10.1007/s10899-021-10042-1/}",
}

@misc{2,
	author = "Culture of Gaming",
	title = "Does the Pay-to-Win Model Hurt the Gaming Industry?",
	howpublished = "\url{https://cultureofgaming.com/does-the-pay-to-win-model-hurt-the-gaming-industry/}",
}

@misc{3,
	author = "Mihovil Grguric",
	title = "What Are the “Mobile Game Whales” and How to Find Them",
	howpublished = "\url{https://www.blog.udonis.co/mobile-marketing/mobile-games/mobile-games-whales/}",
}
@misc{4,
	author = "American Society of Addiction Medicine",
	title = "What is the definition of addiction?",
	howpublished = "\url{https://www.asam.org/quality-care/definition-of-addiction/}",
}
